@online{lodberg2016,
	ALTauthor = {Kent Lodberg Christensen AND Michael Hecht Olsen},
	ALTeditor = {Dansk Cardiologisk Selskab},
	title = {Hypertension},
	date = {2016-06-14},
	url = {http://nbv.cardio.dk/hypertension},
	OPTurldate = {2016-10-06},
}

@article{cheung2012,
	author = {Bernard M. Y. Cheung AND Chao Li},
	title = {Diabetes and Hypertesion: Is There a Common Metabolic Pathway?},
	journaltitle = {Current Atherosclerosis Reports},
	date = {2012-04-14},
	OPTdoi = {10.1007/s11883-012-0227-2},
	OPTurl = {https://www.ncbi.nlm.nih.gov/pmc/articles/PMC3314178/},
	OPTurldate = {2016-10-06},
}

@article{paulsen2012,
	author = {MS Paulsen AND M Andersen AND JL Thomsen et al.},
	title = {Multimorbidity and blood pressure control in 37651 hypertensive patients from Danish general practice},
	journaltitle = {Journal of the American Society of Hypertension},
	date = {2012-12-31},
	OPTdoi = {10.1161/JAHA.112.004531},
	OPTurl = {https://www.ncbi.nlm.nih.gov/pubmed/23525411},
	OPTurldate = {2016-10-06},
}

@article{kronborg2008,
	author = {CN Kronborg AND Hallas J. AND IA Jacobsen},
	title = {Prevalence, awareness, and control of arterial hypertension in Denmark},
	journaltitle = {Journal of the American Society of Hypertension},
	date = {2008-10-31},
	OPTdoi = {10.1016/j.jash.2008.08.001},
	OPTurl = {https://www.ncbi.nlm.nih.gov/pubmed/20409941},
	OPTurldate = {2016-10-06},
}

@book{juel2006,
	author = {Knud Juel AND Jan Sørensen AND Henrik Brønnum-Hansen},
	title = {Risikofaktorer og folkesundhed i Danmark},
	date = {2006-06},
	OPTeditor = {Statens Institut for Folkesundhed},
	OPTpublisher = {Statens Institut for Folkesundhed},
	OPTisbn = {87-7899-104-8},
	OPTurl = {http://www.si-folkesundhed.dk/upload/risikofaktorer_def.pdf},
}

@manual{olsen2015,
	ALTauthor = {M. H. Olsen},
	ALTeditor = {Sundhed.dk},
	title = {Hypertension},
	date = {2015},
	OPTurl = {https://www.sundhed.dk/sundhedsfaglig/laegehaandbogen/hjerte-kar/tilstande-og-sygdomme/oevrige-sygdomme/hypertension/},
}

@manual{aagaard2014,
	ALTauthor = {P. G. Aagaard},
	ALTeditor = {Sundhed.dk},
	title = {Fysisk Inaktivitet},
	date = {2014},
}

@book{mtvhaandbog,
	author = {F. B. Kristensen and H. Sigmund},
	title = {Metodeh{\aa}ndbog for Medicinsk Teknologivurdering},
	date = {2007},
	OPTvolumes = {2},
	OPTpublisher = {Sundhedsstyrelsen},
	OPTisbn = {978-87-7676-620-7},
}

@manual{medcom2010,
	ALTauthor = {MedCom},
	ALTeditor = {MedCom},
	title = {Udregning om Telemedicin},
	date = {2010},
	OPTurl = {http://medcom.dk/media/1462/udredning-om-telemedicin-april-2010.pdf},
}

@book{pedersen2011,
	author = {B. K. Pedersen and L. B. Andersen},
	title = {Fysisk aktivitet - h{\aa}ndbog om forebyggelse og behandling},
	date = {2011},
	OPTpublisher = {Sundhedsstyrelsen},
	OPTisbn = {978-87-7104-331-0},
}

@manual{motionsraad2007,
	ALTauthor = {Motions- og Ern{\ae}ringsr{\aa}det},
	ALTeditor = {Motions- og Ern{\ae}ringsr{\aa}det},
	title = {Fysisk inaktivitet - konsekvenser og sammenh{\ae}nge},
	date = {2007},
	OPTurl = {http://sundhedsstyrelsen.dk/publ/mer/2007/fysisk_inaktivitet-konsekvenser_og_sammenhaenge2007.pdf},
}

